@book{DF04,
  address   = {New York},
  edition   = {3rd ed},
  title     = {Abstract algebra},
  publisher = {Wiley},
  author    = {Dummit, David S. and Foote, Richard M.},
  year      = {2004}
}

@book{Lan02,
  title     = {Algebra},
  author    = {Lang, Serge},
  year      = {2002},
  publisher = {Springer Science \& Business Media}
}

@book{AM69,
  title     = {Introduction to Commutative Algebra},
  author    = {Atiyah, Michael and MacDonald, Ian},
  year      = {1969},
  publisher = {CRC Press}
}

@book{SS10,
  title     = {Complex Analysis},
  author    = {Stein, Elias M. and Shakarchi, Rami},
  volume    = {2},
  year      = {2010},
  publisher = {Princeton University Press}
}

@book{Con78,
  title     = {Functions of One Complex Variable I},
  author    = {Conway, John B.},
  year      = {1978},
  publisher = {Springer New York, NY}
}