@book{deitmar,
  author         = {Anton Deitmar and Siegfried Echterhoff},
  editor         = {},
  publisher      = {Springer},
  title          = {Principles of Harmonic Analysis},
  year           = {2009}
}