@book {babyrudin,
    AUTHOR = {Rudin, Walter},
     TITLE = {Principles of mathematical analysis},
 PUBLISHER = {McGraw-Hill Book Company, Inc., New York-Toronto-London},
      YEAR = {1953},
     PAGES = {ix+227},
   MRCLASS = {27.2X},
  MRNUMBER = {0055409 (14,1070c)},
MRREVIEWER = {U. S. Haslam-Jones},
  BOEKCODE = {26-01},
}

@book {conway,
    AUTHOR = {Conway, John B.},
     TITLE = {Functions of one complex variable},
    SERIES = {Graduate Texts in Mathematics},
    VOLUME = {11},
   EDITION = {Second},
 PUBLISHER = {Springer-Verlag},
   ADDRESS = {New York},
      YEAR = {1978},
     PAGES = {xiii+317},
      ISBN = {0-387-90328-3},
   MRCLASS = {30-01},
  MRNUMBER = {503901 (80c:30003)},
MRREVIEWER = {P. Lappan},
  BOEKCODE = {30-01},
}

@BOOK {ahlfors,
  AUTHOR = {Ahlfors, L. V.},
  PUBLISHER = {McGraw-Hill Book Company},
  YEAR = {1966},
  EDITION = {2},
  SUBTITLE = {An introduction to the theory of analytic functions of one complex variable},
  TITLE = {Complex Analysis},
}