@book{leinster,
  author         = {Tom Leinster},
  editor         = {},
  publisher      = {Cambridge University Press},
  title          = {Basic Category Theory},
  year           = {2014}
}