@book{atiyah-macdonald,
  author = {Atiyah, Michael Francis and MacDonald, I. G.},
  publisher = {Addison-Wesley-Longman},
  title = {Introduction to Commutative Algebra.},
  year = 1969
}

@book{dummit-foote,
address={New York}, 
edition={3rd ed}, 
title={Abstract algebra}, 
publisher={Wiley}, 
author={Dummit, David S. and Foote, Richard M.}, 
year={2004} 
}

@book{lang,
  address = {New York, NY},
  author = {Lang, Serge},
  publisher = {Springer},
  title = {Algebra},
  year = 2002
}

@book{blyth,
  author = {Blyth, T. S.},
  title = {Module Theory: An approach to linear algebra},
  year = 1990
}